@MISC{ai_ml_dl,
	HOWPUBLISHED = "\url{https://towardsdatascience.com/understanding-the-difference-between-ai-ml-and-dl-cceb63252a6c}",
	AUTHOR = "Towards Data Science",
	TITLE = "Difference between AI, ML and DL | Towards Data Science",
	MONTH = "4",
	YEAR = "2020",
	URLDATE = {2022-10-29}
}

@MISC{ai_def,
	HOWPUBLISHED = "\url{https://www.oed.com/viewdictionaryentry/Entry/271625}",
	AUTHOR = "Oxford English Dictionary",
	TITLE = "artificial intelligence, n. : Oxford English Dictionary",
	MONTH = "12",
	YEAR = "2021",
	URLDATE = {2022-10-28}
}

@MISC{ai_apps,
	HOWPUBLISHED = "\url{https://www.simplilearn.com/tutorials/artificial-intelligence-tutorial/artificial-intelligence-applications}",
	AUTHOR = "Simplilearn",
	TITLE = "Top 14 Artificial Intelligence (AI) Applications in 2023 | Simplilearn",
	MONTH = "11",
	YEAR = "2022",
	URLDATE = {2022-11-8}
}

@MISC{ai_types,
	HOWPUBLISHED = "\url{https://medium.com/predict/three-types-of-ai-92ea7c8e57a8}",
	AUTHOR = "Medium",
	TITLE = "Three Types of AI. ANI, AGI, and ASI | by Jordan Franics | Predict | Medium",
	MONTH = "4",
	YEAR = "2022",
	URLDATE = {2022-10-28}
}

@MISC{ml_def,
	HOWPUBLISHED = "\url{https://aws.amazon.com/es/what-is/machine-learning/}",
	AUTHOR = "AWS",
	TITLE = "¿Qué es el machine learning? - Guía empresarial de machine learning para principiantes - AWS",
	MONTH = "8",
	YEAR = "2022",
	URLDATE = {2022-10-29}
}

@MISC{ml_apps,
	HOWPUBLISHED = "\url{https://www.forbes.com/sites/bernardmarr/2019/08/23/the-amazing-ways-youtube-uses-artificial-intelligence-and-machine-learning/?sh=53584be45852}",
	AUTHOR = "Forbes",
	TITLE = "The Amazing Ways YouTube Uses Artificial Intelligence And Machine Learning",
	MONTH = "8",
	YEAR = "2019",
	URLDATE = {2022-10-29}
}

@MISC{ml_types,
	HOWPUBLISHED = "\url{https://towardsdatascience.com/what-is-machine-learning-a-short-note-on-supervised-unsupervised-semi-supervised-and-aed1573ae9bb}",
	AUTHOR = "Towards Data Science",
	TITLE = "What is Machine Learning: Supervised, Unsupervised, Semi-Supervised and Reinforcement learning methods | by Serafeim Loukas | Towards Data Science",
	MONTH = "7",
	YEAR = "2020",
	URLDATE = {2022-10-30}
}

@MISC{dl_def,
	HOWPUBLISHED = "\url{https://www.ibm.com/cloud/learn/deep-learning}",
	AUTHOR = "IBM",
	TITLE = "What is Deep Learning  | IBM",
	MONTH = "5",
	YEAR = "2020",
	URLDATE = {2022-10-30}
}

@MISC{cnn_def,
	HOWPUBLISHED = "\url{https://towardsdatascience.com/a-comprehensive-guide-to-convolutional-neural-networks-the-eli5-way-3bd2b1164a53}",
	AUTHOR = "Towards Data Science",
	TITLE = "A Comprehensive Guide to Convolutional Neural Networks — the ELI5 way | by Sumit Saha | Towards Data Science",
	MONTH = "12",
	YEAR = "2018",
	URLDATE = {2022-10-30}
}

@MISC{fd_apps,
	HOWPUBLISHED = "\url{https://www.techtarget.com/searchenterpriseai/definition/face-detection}",
	AUTHOR = "TechTarget",
	TITLE = "What is Face Detection and How Does It Work?",
	MONTH = "2",
	YEAR = "2020",
	URLDATE = {2022-10-30}
}

@MISC{cs_def,
	HOWPUBLISHED = "\url{https://www.citrix.com/solutions/digital-workspace/what-is-a-cloud-service.html}",
	AUTHOR = "Citrix",
	TITLE = "What is a Cloud Service? – Cloud Services Solutions - Citrix",
	MONTH = "10",
	YEAR = "2019",
	URLDATE = {2022-10-31}
}